@online{owasp-top10-2017,
    author="OWASP",
    title="OWASP Top 10 2017",
    url="https://www.owasp.org/images/7/72/OWASP\_Top\_10-2017\_\%28en\%29.pdf.pdf"
}

@online{owasp-top10-mobile,
    author="OWASP",
    title="Top 10 Mobile 2016",
    url="https://www.owasp.org/index.php/Mobile\_Top\_10\_2016-Top\_10",
    keywords="owasp"
}

@online{3ways-auth,
    title="3 types of Authentication",
    url="https://www.slideshare.net/awesomeadmin/secure-your-salesforce-org-with-twofactor-authentication",
    keywords="auth"
}

@online{rfc-7519,
    title="RFC 7519 JWT",
    url="https://tools.ietf.org/html/rfc7519"
}

@online{jwt,
    title="JSON Web Token (JWT)",
    url="https://tools.ietf.org/html/rfc7519"
}

@online{enisa-2019,
    author="ENISA",
    year="2019",
    title="Privacy and data protection in mobile applications",
    url="https://www.enisa.europa.eu/publications/privacy-and-data-protection-in-mobile-applications"
}

@online{enisa-2017,
    author="ENISA",
    year="2017",
    title="Smartphone Secure Development Guidelines",
    url="https://www.enisa.europa.eu/publications/smartphone-secure-development-guidelines-2016"
}

@online{enisa-security-data-processing,
    author="ENISA",
    year="2017",
    title="Guidelines for SMEs on the security of personal data processing",
    url="https://www.enisa.europa.eu/publications/guidelines-for-smes-on-the-security-of-personal-data-processing"
}

@online{amprenta,
    title="Fingerprint auth with a Mobile Device",
    url="https://engineering.nyu.edu/news/so-you-think-you-can-secure-your-mobile-phone-fingerprint"
}


@online{2fa-pic,
    title="What is Two-Factor Authentication?",
    url="https://blog.templatetoaster.com/wordpress-two-factor-authentication/"
}

@article{goldberg1998comparison,
  title={A comparison of HTTP and HTTPS performance},
  author={Goldberg, Arthur and Buff, Robert and Schmitt, Andrew},
  journal={Computer Measurement Group, CMG98},
  volume={8},
  year={1998},
  publisher={Citeseer}
}

@inproceedings{felt2017measuring,
  title={Measuring $\{$HTTPS$\}$ Adoption on the Web},
  author={Felt, Adrienne Porter and Barnes, Richard and King, April and Palmer, Chris and Bentzel, Chris and Tabriz, Parisa},
  booktitle={26th $\{$USENIX$\}$ Security Symposium ($\{$USENIX$\}$ Security 17)},
  pages={1323--1338},
  year={2017}
}

@inproceedings{riseof3g,
  title={The rise of 3G},
  url="http://www.itu.int/ITU-D/ict/material/FactsFigures2010.pdf"
}

@inproceedings{mulliner2009injecting,
  title={Injecting SMS messages into smart phones for security analysis},
  author={Mulliner, Collin and Miller, Charlie},
  booktitle={USENIX Workshop on Offensive Technologies (WOOT)},
  volume={29},
  year={2009}
}

@techreport{fette2011websocket,
  title={The websocket protocol},
  author={Fette, Ian and Melnikov, Alexey},
  year={2011}
}

@article{erkkila2012websocket,
  title={Websocket security analysis},
  author={Erkkil{\"a}, Jussi-Pekka},
  journal={Aalto University School of Science},
  pages={2--3},
  year={2012}
}

@online{test-ws,
    title="Testing WebSockets",
    url="https://www.owasp.org/index.php/Testing_WebSockets_(OTG-CLIENT-010)"
}

@article{barton2012regulation,
  title={The regulation of mobile health applications},
  author={Barton, Amy J},
  journal={BMC medicine},
  volume={10},
  number={1},
  pages={46},
  year={2012},
  publisher={BioMed Central}
}

@article{kahn2010mobile,
  title={‘Mobile’health needs and opportunities in developing countries},
  author={Kahn, James G and Yang, Joshua S and Kahn, James S},
  journal={Health Affairs},
  volume={29},
  number={2},
  pages={252--258},
  year={2010}
}

@book{masse2011rest,
  title={REST API Design Rulebook: Designing Consistent RESTful Web Service Interfaces},
  author={Masse, Mark},
  year={2011},
  publisher={" O'Reilly Media, Inc."}
}

@book{katz1996handbook,
  title={Handbook of applied cryptography},
  author={Katz, Jonathan and Menezes, Alfred J and Van Oorschot, Paul C and Vanstone, Scott A},
  year={1996},
  publisher={CRC press}
}

@techreport{jonsson2003public,
  title={Public-key cryptography standards (PKCS)\# 1: RSA cryptography specifications version 2.1},
  author={Jonsson, Jakob and Kaliski, Burt},
  year={2003}
}

@online{tutrsa,
title={Public Key Encryption},
author={Tutorialspoint},
url={https://www.tutorialspoint.com/cryptography/public_key_encryption.htm}
}

@inproceedings{liu2016follow,
  title={Follow my recommendations: A personalized privacy assistant for mobile app permissions},
  author={Liu, Bin and Andersen, Mads Schaarup and Schaub, Florian and Almuhimedi, Hazim and Zhang, Shikun Aerin and Sadeh, Norman and Agarwal, Yuvraj and Acquisti, Alessandro},
  booktitle={Twelfth Symposium on Usable Privacy and Security ($\{$SOUPS$\}$ 2016)},
  pages={27--41},
  year={2016}
}

@online{ssidloc,
title={Why does WiFi SSID restriction need the location permission?},
url={https://www.davx5.com/faq/wifi-ssid-restriction-location-permission},
author={davx5}
}

@online{redditcalc,
title={Since when did a calculator need to make calls?},
author={Reddit Post},
url={https://www.reddit.com/r/assholedesign/comments/8nlh3k/since_when_did_a_calculator_need_to_make_calls/}
}

@online{googleperm,
title={Identifying Intrusive Mobile Apps Using Peer Group Analysis},
author={Martin Pelikan, Giles Hogben, and Ulfar Erlingsson},
url={https://security.googleblog.com/2017/07/identifying-intrusive-mobile-apps-using.html}
}

@article{tilkov2010node,
  title={Node. js: Using JavaScript to build high-performance network programs},
  author={Tilkov, Stefan and Vinoski, Steve},
  journal={IEEE Internet Computing},
  volume={14},
  number={6},
  pages={80--83},
  year={2010},
  publisher={IEEE}
}

@online{reqpersec,
author={Mihai Cracan},
url={https://medium.com/@mihaigeorge.c/web-rest-api-benchmark-on-a-real-life-application-ebb743a5d7a3},
title={Web REST API Benchmark on a Real Life Application}
}

@book{banker2011mongodb,
  title={MongoDB in action},
  author={Banker, Kyle},
  year={2011},
  publisher={Manning Publications Co.}
}

@article{nayak2013type,
  title={Type of NOSQL databases and its comparison with relational databases},
  author={Nayak, Ameya and Poriya, Anil and Poojary, Dikshay},
  journal={International Journal of Applied Information Systems},
  volume={5},
  number={4},
  pages={16--19},
  year={2013}
}

@online{statcounter,
title={StatCounter},
author={StatCounter},
year={2019},
url={http://gs.statcounter.com/os-market-share/mobile/worldwide}
}

@online{jetpackpng,
title={What is Android Jetpack?},
author={Asfak Saiyed},
year={2018},
url={https://android.jlelse.eu/what-is-android-jetpack-737095e88161}
}

@book{moskala2017android,
  title={Android Development with Kotlin},
  author={Moskala, Marcin and Wojda, Igor},
  year={2017},
  publisher={Packt Publishing Ltd}
}

@online{kotlinvsjava,
author={Pieter Otten},
title={Kotlin vs Java},
url={https://www.mediaan.com/kotlin-vs-java/}
}

@online{mvvmpng,
author={Wikipedia},
title={Model-view-viewmodel},
url={https://en.wikipedia.org/wiki/Model%E2%80%93view%E2%80%93viewmodel}
}